<collection xmlns="http://www.loc.gov/MARC21/slim"><record><leader>00851nam  2200277   450</leader><controlfield tag="001">312</controlfield><controlfield tag="003">http://montalegre.opacnet.com/OPAC/default.aspx?ContentAreaControl=ShowRegHoldings.ascx&amp;RegNo=16662</controlfield><datafield tag="010" ind1=" " ind2=" "><subfield code="a">972-564-079-9</subfield></datafield><datafield tag="021" ind1=" " ind2=" "><subfield code="a">PT</subfield><subfield code="b">60179/92</subfield></datafield><datafield tag="095" ind1=" " ind2=" "><subfield code="a">PTBN00413686</subfield></datafield><datafield tag="100" ind1=" " ind2=" "><subfield code="a">19930203d1992    m  y0pory010305  ba</subfield></datafield><datafield tag="101" ind1="1" ind2=" "><subfield code="a">por</subfield><subfield code="c">eng</subfield></datafield><datafield tag="102" ind1=" " ind2=" "><subfield code="a">PT</subfield></datafield><datafield tag="105" ind1=" " ind2=" "><subfield code="a">y   z   000ay</subfield></datafield><datafield tag="106" ind1=" " ind2=" "><subfield code="a">r</subfield></datafield><datafield tag="200" ind1="1" ind2=" "><subfield code="a">&lt;Um &gt;sorriso nos olhos da alma</subfield><subfield code="f">Lawrence Durrell</subfield><subfield code="g">trad. Helena Cardoso</subfield></datafield><datafield tag="205" ind1=" " ind2=" "><subfield code="a">2ª ed</subfield></datafield><datafield tag="210" ind1=" " ind2=" "><subfield code="a">Lisboa</subfield><subfield code="c">Quetzal</subfield><subfield code="d">1992</subfield></datafield><datafield tag="215" ind1=" " ind2=" "><subfield code="a">105 p.</subfield><subfield code="d">20 cm</subfield></datafield><datafield tag="225" ind1="2" ind2=" "><subfield code="a">Graffiti</subfield></datafield><datafield tag="304" ind1=" " ind2=" "><subfield code="a">Tít. orig. : A smile in the mind's eye</subfield></datafield><datafield tag="675" ind1=" " ind2=" "><subfield code="a">891.4-3"19"</subfield><subfield code="v">BN</subfield><subfield code="z">por</subfield></datafield><datafield tag="700" ind1=" " ind2="1"><subfield code="a">Durrell</subfield><subfield code="b">Lawrence</subfield><subfield code="f">1912-1990</subfield></datafield><datafield tag="702" ind1=" " ind2="1"><subfield code="a">Cardoso</subfield><subfield code="b">Helena</subfield><subfield code="4">730</subfield></datafield><datafield tag="801" ind1=" " ind2="0"><subfield code="a">PT</subfield><subfield code="b">Biblioteca Municipal de Montalegre</subfield><subfield code="g">RPC</subfield></datafield><datafield tag="856" ind1=" " ind2=" "><subfield code="u">locateMedia.asp?cod=20060511141515&amp;ext=jpg</subfield><subfield code="z">CAPA</subfield></datafield><datafield tag="909" ind1="&#9;" ind2=" "><subfield code="a">1</subfield></datafield><datafield tag="966" ind1=" " ind2=" "><subfield code="a">0008427</subfield><subfield code="l">BMM</subfield><subfield code="s">SCG 821 DUR sor</subfield></datafield></record></collection>